
% Science Council of Japan report on ILC project
@misc{linearcolliders-scj-report,
  title = {Assessment of the Revised Plan of International Linear Collider Project (Executive Summary)},
  howpublished = {\url{http://www.scj.go.jp/ja/info/kohyo/pdf/kohyo-24-k273-en.pdf}},
  note = {Accessed: 2019-02-07},
  year={2018}
}

% AIDA-2020 milestone report
@techreport{aida2020-milestone-dqm4hep,
  title={DQM4HEP: a generic data quality monitoring framework for HEP},
  author={Ete, R and Coates, T and Pingault, A},
  year={2018}
}

% Proceedings from 2018 conference on AHCAL construction and development
@techreport{proceedings-ahcal-prototype,
  title={arXiv: A highly granular SiPM-on-tile calorimeter prototype},
  author={Sefkow, Felix and Simon, Frank},
  year={2018}
}

% DQM4hep user manual
@misc{dqm4hep-user-manual,
  title = {DQM4hep User Manual},
  howpublished = {\url{https://dqm4hep.readthedocs.io/en/latest/}},
  note = {Accessed: 2019-02-07}
}

% DQM4hep doxygen
@misc{dqm4hep-doxygen,
  title = {DQM4hep Doxygen Pages},
  howpublished = {\url{https://dqm4hep.github.io/dqm4hep-doxygen/doxygen/dqm4hep/master/index.html}},
  note = {Accessed: 2019-02-07}
}